@article{spectral,
	author = "Andrew Gordon Wilson and Ryan Prescott Adams",
	title = "Gaussian Process Kernels for Pattern Discovery and Extrapolation",
	journal = "NIPS",
	Year = "2013"
}