@article{spectral,
	author = "Andrew Gordon Wilson and Ryan Prescott Adams",
	title = "Gaussian Process Kernels for Pattern Discovery and Extrapolation",
	journal = "NIPS",
	Year = "2013"
}

@article{student-t,
	author = "Amar Shah, Andrew Gordon Wilson and Zoubin Ghahramani",
	title = "Student-t Processes as Alternatives to Gaussian Processes",
	journal = "Journal of Machine Learning Research",
	Year = "2014"
}
